<record><leader>00000cas a22000007a 4500</leader><controlfield tag="001">13102770</controlfield><controlfield tag="008">860204d19uu1980wiuwr ne      0    0eng d</controlfield><datafield ind1=" " ind2=" " tag="010"><subfield code="a">sn 86086309 </subfield></datafield><datafield ind1=" " ind2=" " tag="040"><subfield code="a">NPV</subfield><subfield code="b">eng</subfield><subfield code="c">NPV</subfield><subfield code="d">OCLCQ</subfield></datafield><datafield ind1=" " ind2=" " tag="032"><subfield code="a">460780</subfield><subfield code="b">USPS</subfield></datafield><datafield ind1=" " ind2=" " tag="042"><subfield code="a">msc</subfield></datafield><datafield ind1=" " ind2=" " tag="045"><subfield code="a">x-x8</subfield></datafield><datafield ind1=" " ind2=" " tag="052"><subfield code="a">4123</subfield><subfield code="b">M6</subfield></datafield><datafield ind1="0" ind2="0" tag="245"><subfield code="a">St. Francis reminder-enterprise.</subfield></datafield><datafield ind1="1" ind2="3" tag="246"><subfield code="a">Cudahy-St. Francis reminder-enterprise</subfield></datafield><datafield ind1="1" ind2="3" tag="246"><subfield code="a">Reminder-enterprise</subfield></datafield><datafield ind1=" " ind2=" " tag="260"><subfield code="a">[Cudahy, Wis.] :</subfield><subfield code="b">Community Newspapers,</subfield><subfield code="c">-1980.</subfield></datafield><datafield ind1=" " ind2=" " tag="300"><subfield code="a">v. :</subfield><subfield code="b">ill.</subfield></datafield><datafield ind1=" " ind2=" " tag="310"><subfield code="a">Weekly</subfield></datafield><datafield ind1=" " ind2=" " tag="321"><subfield code="a">Weekly,</subfield><subfield code="b">&lt;Jan. 6, 1972&gt;-Sept. 12, 1974</subfield></datafield><datafield ind1=" " ind2=" " tag="321"><subfield code="a">Semiweekly,</subfield><subfield code="b">Sept. 19, 1974-June 2, 1978</subfield></datafield><datafield ind1="0" ind2=" " tag="362"><subfield code="a">-71st year, no. 9 (Feb. 28, 1980).</subfield></datafield><datafield ind1=" " ind2=" " tag="500"><subfield code="a">Added masthead: Cudahy-St. Francis reminder enterprise, &lt;Jan. 6&gt;-Aug. 17, 1972; Reminder-enterprise, Aug. 24-Oct. 19, 1972.</subfield></datafield><datafield ind1=" " ind2=" " tag="530"><subfield code="a">Available on microfilm from The State Historical Society of Wisconsin.</subfield></datafield><datafield ind1=" " ind2=" " tag="588"><subfield code="a">Description based on: 63rd year, no. 1 (Jan. 6, 1972).</subfield></datafield><datafield ind1=" " ind2=" " tag="752"><subfield code="a">United States</subfield><subfield code="b">Wisconsin</subfield><subfield code="c">Milwaukee</subfield><subfield code="d">Cudahy.</subfield></datafield><datafield ind1=" " ind2=" " tag="752"><subfield code="a">United States</subfield><subfield code="b">Wisconsin</subfield><subfield code="c">Milwaukee</subfield><subfield code="d">St. Francis.</subfield></datafield><datafield ind1="0" ind2="0" tag="785"><subfield code="t">Reminder-enterprise (Cudahy, Wis. : 1980 : St. Francis ed.)</subfield><subfield code="w">(DLC)sn 86086310</subfield></datafield><datafield ind1="1" ind2=" " tag="029"><subfield code="a">AU@</subfield><subfield code="b">000023526972</subfield></datafield></record>